@inproceedings{Moons2017,
 title = {Envision: A 26-to-10 {TOps}/W subword-parallel dynamic-voltage-accuracy-frequency-scalable convolutional neural network processor in 28nm {FDSOI}},
 author = {B. Moons and R. Uytterhoeven and W. Dehaene and M. Verhelst},
 booktitle = {IEEE International Solid-State Circuits Conference (ISSCC’17)},
 venue = {San Francisco, CA},
 month = {Feb.},
 pages = {246--257},
 year = {2017}
}

@article{Chen2017,
 title = {Eyeriss: {A}n energy-efficient reconfigurable accelerator for deep convolutional neural networks},
 author = {Y.-H. Chen and T. Krishna and J. Emer and V. Sze},
 journal = {IEEE Journal of Solid State Circuits},
 volume = {52},
 number = {1},
 pages = {127--138},
 year = {2017}
}

@article{Simons2019,
 title = {A review of binarized neural networks},
 author = {T. Simons and D.J. Lee},
 journal = {Electronics},
 volume = {8},
 number = {6},
 pages = {661},
 year = {2019}
}

@inproceedings{Sandler2018,
 title = {Mobile{N}et{V}2: {I}nverted residuals and linear bottlenecks},
 author = {M. Sandler and A. Howard and M. Zhu and A. Zhmoginov and L.-C. Chen},
 booktitle = {IEEE Conference on Computer Vision and Pattern Recognition (CVPR’18)},
 venue = {Salt Lake City, UT},
 month = {June},
 pages = {4510--4520},
 year = {2018}
}

@inproceedings{Vaswani2017,
 title = {Attention is all you need},
 author = {A. Vaswani and N. Shazeer and N. Parmar and J. Uszkoreit and L. Jones and A.N. Gomez and Ł. Kaiser and I. Polosukhin},
 booktitle = {International Conference on Neural Information Processing Systems (NIPS'17)},
 venue = {Long Beach, CA},
 month = {Dec.},
 pages = {6000--6010},
 year = {2017}
}

@article{Vinyals2019,
 title = {Grandmaster level in {S}tar{C}raft II using multi-agent reinforcement learning},
 author = {O. Vinyals and others},
 journal = {Nature},
 volume = {575},
 number = { },
 pages = {350--354},
 year = {2019}
}

@article{Dosovitskiy2020,
 title = {An image is worth 16$\times$16 words: {T}ransformers for image recognition at scale},
 author = {A. Dosovitskiy and others},
 journal = {ArXive Preprint},
 volume = {},
 number = { },
 pages = {arXive:2010.11929},
 year = {2020}
}

@inproceedings{Rajbhandari2020,
 title = {Ze{RO}: {M}emory optimizations toward training trillion parameter models},
 author = {S. Rajbhandari and J. Rasley and O.  Ruwase and Y. He},
 booktitle = {International Conference for High Performance Computing, Networking, Storage and Analysis (SC’20)},
 venue = {virtual},
 month = {Nov.},
 pages = {20},
 year = {2020}
}

@article{Brown2020,
 title = {Language models are few-shot learners},
 author = {T. Brown and others},
 journal = {Advances in Neural Information Processing Systems},
 volume = {33},
 number = { },
 pages = {877--901},
 year = {2020}
}

@article{Hasler2013,
 title = {Finding a roadmap to achieve large neuromorphic hardware systems},
 author = {J. Hasler and H. Marr},
 journal = {Frontiers in Neuroscience},
 volume = {7},
 number = { },
 pages = {118},
 year = {2013}
}

@article{Berggren2020,
	doi = {10.1088/1361-6528/aba70f},
	url = {https://doi.org/10.1088/1361-6528/aba70f},
	year = {2020},
	month = {Oct},
	publisher = {{IOP} Publishing},
	volume = {32},
	number = {1},
	pages = {012002},
	author = {Karl Berggren and Qiangfei Xia and Konstantin K Likharev and Dmitri B Strukov and Hao Jiang and Thomas Mikolajick and Damien Querlioz and Martin Salinga and John R Erickson and Shuang Pi and Feng Xiong and Peng Lin and Can Li and Yu Chen and Shisheng Xiong and Brian D Hoskins and Matthew W Daniels and Advait Madhavan and James A Liddle and Jabez J McClelland and Yuchao Yang and Jennifer Rupp and Stephen S Nonnenmann and Kwang-Ting Cheng and Nanbo Gong and Miguel Angel Lastras-Monta{\~{n}}o and A Alec Talin and Alberto Salleo and Bhavin J Shastri and Thomas Ferreira de Lima and Paul Prucnal and Alexander N Tait and Yichen Shen and Huaiyu Meng and Charles Roques-Carmes and Zengguang Cheng and Harish Bhaskaran and Deep Jariwala and Han Wang and Jeffrey M Shainline and Kenneth Segall and J Joshua Yang and Kaushik Roy and Suman Datta and Arijit Raychowdhury},
	title = {Roadmap on emerging hardware and technology for machine learning},
	journal = {Nanotechnology},
}

@article{Yamamoto2020,
 title = {Coherent {I}sing machines – {Q}uantum optics and neural network perspectives},
 author = {Y. Yamamoto and T. Leleu and S. Ganguli and H. Mabuchi },
 journal = {Applied Physics Letters},
 volume = {117},
 number = { },
 pages = {160501},
 year = {2020}
}

@article{Markovich2020,
 title = {Quantum neuromorphic computing},
 author = {D. Markovich and J. Grolier},
 journal = {Applied Physics Letters},
 volume = {117},
 number = { },
 pages = {150501},
 year = {2020}
}

@article{Grollier2020,
 title = {Neuromorphic spintronics},
 author = {J. Grollier and D. Querlioz and K.Y. Camsari and K. Everschor-Sitte and S. Fukami and M.D. Stiles},
 journal = {Nature Electronics},
 volume = {3},
 number = { },
 pages = {360--370},
 year = {2020}
}

@article{Goi2020,
 title = {Perspective on photonic memristive neuromorphic computing},
 author = {E. Goi and Q. Zhang and X. Chen and H. Luan and M. Gu},
 journal = {PhotoniX},
 volume = {1},
 number = { },
 pages = {3},
 year = {2020}
}

@inproceedings{Bavandpour2018,
 title = {Mixed-signal neuromorphic inference accelerators: {R}ecent results and future prospects},
 author = {M. Bavandpour and others},
 booktitle = {International Electron Device Meeting (IEDM'18)},
 venue = {San Francisco, CA},
 month = {Dec.},
 pages = {20.4.1--20.4.4},
 year = {2018}
}

@article{Burr2017,
 title = {Neuromorphic computing using nonvolatile memory},
 author = {G.W. Burr and others},
 journal = {Advances in Physics: X},
 volume = {2},
 number = {1},
 pages = {89--124},
 year = {2017}
}

@book{Hertz1991,  
    year      = {1991},                                 
    booktitle = {Introduction to the Theory of Neural Computation},
    author    = {J. Hertz and A. Krogh and R. G. Palmer},         
    publisher = {Perseus},       
    address   = {Cambridge, MA}               
}

@article{Mead1990,
 title = {Neuromorphic electronic systems},
 author = {C. Mead},
 journal = {Proceedings of the IEEE},
 volume = {78},
 number = {10},
 pages = {1629--1636},
 year = {1990}
}

@article{Holmes1993,
 title = {Use of a-{S}i:{H} memory devices for nonvolatile weight storage in artificial neural network},
 author = {A. J. Holmes and others},
 journal = {Journal of Non-Crystalline Solids},
 volume = {164--166},
 number = { },
 pages = {817--820},
 year = {1993}
}

@article{Alibart2012,
 title = {High precision tuning of state for memrsitive devices by adaptable variation-tolerant algorithm},
 author = {F. Alibart and L. Gao and B. Hoskins and D. B.  Strukov},
 journal = {Nanotechnology},
 volume = {23},
 number = { },
 pages = {075201},
 year = {2012}
}

@inproceedings{Yang2019IEDM,
 title = {Design considerations for efficient deep neural networks on processing-in-memory accelerators},
 author = {T.J. Yang and V. Sze},
 booktitle = {IEEE International Electron Device Meeting (IEDM’19)},
 venue = {San Francisco, CA},
 month = {Dec.},
 pages = {22.1.1--22.1.4},
 year = {2019}
}

@article{Diorio1996,
 title = {A single-transistor silicon synapse},
 author = {C. Diorio and P. Hasler and A. Minch and C. A. Mead},
 journal = {IEEE Transactions on Electron Devices},
 volume = {43},
 number = { },
 pages = {1972--1980},
 year = {1996}
}

@article{George2016,
 title = {A programmable and configurable mixed-mode {FPAA SoC}},
 author = {S. George and S. Kim and S. Shah and J. Hasler and M. Collins and F. Adil and R. Wunderlich and S. Nease and S. Ramakrishnan},
 journal = {IEEE Transactions on Very Large Scale Integration Systems},
 volume = {24},
 number = {6},
 pages = {2253--2261},
 year = {2016}
}

@inproceedings{Guo2017CICC,
 title = {Temperature-insensitive analog vector-by-matrix multiplier based on 55 nm {NOR} flash memory cells},
 author = {X. Guo and F. Merrikh Bayat and M. Prezioso and Y. Chen and B. Nguyen and N. Do and D.B. Strukov},
 booktitle = {IEEE Custom Integrated Circuits Conference (CICC'17)},
 venue = {Austin, TX},
 month = {Apr.-May},
 pages = {1--4},
 year = {2017 }
}

@inproceedings{MerrikhBayat2015,
 title = {Redesigning commercial floating-gate memory for analog computing applications},
 author = {F. Merrikh Bayat and X. Guo and H.A. Om'mani and N. Do and K.K. Likharev and D.B. Strukov},
 booktitle = {International Symposium on Circuits and Systems (ISCAS’15)},
 venue = {Lisbon, Portugal},
 month = {May},
 pages = {1921--1924},
 year = {2015}
}

@inproceedings{Bavandpour2020,
 title = {Mixed-signal vector-by-matrix multiplier circuits based on {3D-NAND} memories for neurocomputing},
 author = {M. Bavandpour and S. Sahay and M.R. Mahmoodi and D. Strukov},
 booktitle = {Design Automation and Test in Europe (DATE'20)},
 venue = {Grenoble, France},
 month = {Mar.},
 pages = {696--701},
 year = {2020}
}

@inproceedings{Guo2017IEDM,
 title = {Fast, energy-efficient, robust, and reproducible mixed-signal neuromorphic classifier based on embedded {NOR} flash memory technology},
 author = {X. Guo and F. Merrikh Bayat and M. Bavandpour and M. Klachko and M.R. Mahmoodi and M. Prezioso and K.K. Likharev and D.B. Strukov},
 booktitle = {IEEE International Electron Device Meeting (IEDM’17)},
 venue = {San Francisco, CA},
 month = {Dec.},
 pages = {6.5.1--6.5.4},
 year = {2017}
}

@article{Adam2017,
 title = {3-{D} memristor crossbars for analog and neuromorphic computing applications},
 author = {G.C. Adam and B.D. Hoskins and M. Prezioso and F. Merrikh-Bayat and B. Chakrabarti and D.B. Strukov},
 journal = {IEEE Transactions on Electron Devices},
 volume = {64},
 number = {1},
 pages = {312--318},
 year = {2017}
}

@article{Yang2013NatureNano,
 title = {Memristive devices for computing},
 author = {J.J. Yang and D.B. Strukov and D.R. Stewart},
 journal = {Nature Nanotechnology},
 volume = {8},
 number = { },
 pages = {13--24},
 year = {2013}
}

@article{Yu2018IEEE,
 title = {Neuro-inspired computing with emerging nonvolatile memories},
 author = {S. Yu},
 journal = {Proceedings of the IEEE},
 volume = {106},
 number = { },
 pages = {260--285},
 year = {2018}
}

@inproceedings{Govoreanu2013,
 title = {Vacancy-modulated conductive oxide resistive {RAM (VMCO-RRAM)}},
 author = {B. Govoreanu and others},
 booktitle = {IEEE International Electron Device Meeting (IEDM’13)},
 venue = {Washington, DC},
 month = {Dec.},
 pages = {10.2.1--10.2.4},
 year = {2013}
}

@inproceedings{Prezioso2015,
 title = {Modelling and implementation of firing-rate neuromorphic-network classifiers with bilayer {P}t/{A}l$_2${O}$_3$/{T}i{O}$_{2-x}$/{P}t memristors},
 author = {M. Prezioso and others},
 booktitle = {IEEE International Electron Device Meeting (IEDM’15)},
 venue = {Washington, DC},
 month = {Dec.},
 pages = {17.4.1--17.4.4},
 year = {2015}
}

@article{MerrikhBayat2018,
 title = {Implementation of multilayer perceptron network with highly uniform passive memristive crossbar circuits},
 author = {F. Merrikh Bayat and others},
 journal = {Nature Communications},
 volume = {9},
 number = { },
 pages = {2331},
 year = {2018}
}

@article{Lin2020NatElec,
 title = {Three-dimensional memristor circuits as complex neural networks},
 author = {P. Lin and others},
 journal = {Nature Electronics},
 volume = {3},
 number = { },
 pages = {225--232},
 year = {2020}
}

@article{Hu2018AdvMat,
 title = {Memristor‐based analog computation and neural network classification with a dot product engine},
 author = {M. Hu and others},
 journal = {Advanced Materials},
 volume = {30},
 number = { },
 pages = {1705914},
 year = {2018}
}


@article{Yao2020Nature,
 title = {Fully hardware-implemented memristor convolutional neural network},
 author = {P. Yao and others},
 journal = {Nature},
 volume = {577},
 number = { },
 pages = {641--646},
 year = {2020}
}

@inproceedings{Liu2020ISSCC,
 title = {A fully integrated analog {ReRAM} based 78.4 {TO}ps/{W} compute-in-memory chip with fully parallel {MAC} computing},
 author = {Q. Liu and others},
 booktitle = {IEEE International Solid-State Circuits Conference (ISSCC’20)},
 venue = {San Francisco, CA},
 month = {Feb.},
 pages = {500--501},
 year = {2020}
}

@article{Kim2019XBAR,
 title = {4{K}-memristor analog-grade passive crossbar circuit},
 author = {H. Kim and H. Nili and M. Mahmoodi and D. Strukov},
 journal = {ArXive Preprint},
 volume = { },
 number = { },
 pages = {arXiv:1906.12045},
 year = {2019}
}

@article{Burr2015,
 title = {Experimental demonstration and tolerancing of a large-scale neural network (165000 synapses) using phase-change memory as the synaptic weight element},
 author = {G.W. Burr and others},
 journal = {IEEE Transactions on Electron Devices},
 volume = {62},
 number = {11},
 pages = {3498--3507},
 year = {2015}
}

@article{Ostwal2018,
 title = {Spin-torque devices with hard axis initialization as stochastic binary neurons},
 author = {V. Ostwal and P. Debashis and R. Faria and Z. Chen, and J. Appenzeller},
 journal = {Nature Scientific Reports},
 volume = {8},
 number = { },
 pages = {16689},
 year = {2018}
}

@article{Tuma2016,
 title = {Stochastic phase-change neurons},
 author = {T. Tuma and A. Pantazi and M.L. Gallo and A. Sebastian and E. Eleftheriou},
 journal = {Nature Nanotechnology},
 volume = {11},
 number = {},
 pages = {693--699},
 year = {2016}
}

@article{Cai2020NatElec,
 title = {Power-efficient combinatorial optimization using intrinsic noise in memristor Hopfield neural networks},
 author = {F. Cai and others},
 journal = {Nature Electronics},
 volume = {3},
 number = {7},
 pages = {409--418},
 year = {2020}
}

@article{Mahmoodi2019NatComm,
 title = {Versatile stochastic dot product circuits based on nonvolatile memories for high-performance neurocomputing and neurooptimization},
 author = {M. Mahmoodi and M. Prezioso and D.B. Strukov},
 journal = {Nature Communications},
 volume = {10},
 number = { },
 pages = {5113},
 year = {2019}
}

@inproceedings{Mahmoodi2019IEDM,
 title = {An analog neuro-optimizer with adaptable annealing based on 64$\times$64 $0T1R$ crossbar circuit},
 author = {M. Mahmoodi and H. Kim and Z. Fahimi and H. Nili and L Sedov and V. Polishchuk and D. Strukov},
 booktitle = {IEEE International Electron Device Meeting (IEDM’19)},
 venue = {San Francisco, CA},
 month = {Dec.},
 pages = {14.7.1--14.7.4},
 year = {2009}
}

@article{Sengupta2016,
 title = {Magnetic tunnel junction mimics stochastic cortical spiking neurons},
 author = {A. Sengupta and P. Panda and P. Wijesinghe and Y. Kim and K. Roy},
 journal = {Nature Scientific Reports},
 volume = {6},
 number = { },
 pages = {30039},
 year = {2016}
}

@book{Rolls2010,  
    year      = {2010},                                 
    booktitle = {The Noisy Brain: Stochastic Dynamics as a Principle of Brain Function},
    author    = {E. T. Rolls and G. Deco},         
    publisher = {Oxford University Press},       
    address   = { }               
}


@inproceedings{Hinton1983,
 title = {Optimal perceptual inference},
 author = {G. E. Hinton and T. J. Sejnowski},
 booktitle = {IEEE Conference on Computer Vision and Pattern Recognition (CVPR’83)},
 venue = {Washington, DC},
 month = {June},
 pages = {448--451},
 year = {1983}
}

@article{Hinton2009,
 title = {Deep belief networks},
 author = {G. Hinton},
 journal = {Scholarpedia},
 volume = {4},
 number = { },
 pages = {5947},
 year = {2009}
}

@article{Ambrogio2018,
 title = {Equivalent-accuracy accelerated neural-network training using analogue memory},
 author = {S. Ambrogio and others},
 journal = {Nature},
 volume = {558},
 number = {7708},
 pages = {60--67},
 year = {2018}
}

@article{Sheridan2017,
 title = {Sparse coding with memristor networks},
 author = {P. M. Sheridan and F. Cai and C. Du and W. Ma and Z. Zhang and W. D. Lu},
 journal = {Nature Nanotechnology},
 volume = {12},
 number = { },
 pages = {784--789},
 year = {2017}
}

@article{Cai2019NatElec,
 title = {A fully integrated reprogrammable memristor–{CMOS} system for efficient multiply-accumulate operations},
 author = {F. Cai and others},
 journal = {Nature Electronics},
 volume = {2},
 number = { },
 pages = {290--299},
 year = {2019}
}

@article{Chu2014Neuro,
 title = {Neuromorphic hardware system for visual pattern recognition with memristor array and {CMOS} neuron},
 author = {M. Chu and B. Kim and S. Park and H. Hwang and M. Jeon and B. H. Lee and B. G. Lee},
 journal = {IEEE Transactions on Industrial Electronics},
 volume = {62},
 number = {4},
 pages = {2410--2419},
 year = {2014}
}

@article{Fuller2019,
 title = {Parallel programming of an ionic floating-gate memory array for scalable neuromorphic computing},
 author = {E. J. Fuller and others},
 journal = {Science},
 volume = {364},
 number = {6440},
 pages = {570--574},
 year = {2019}
}

@article{Yeon2020,
 title = {Alloying conducting channels for reliable neuromorphic computing},
 author = {H. Yeon and others},
 journal = {Nature Nanotechnology},
 volume = {15},
 number = { },
 pages = {574--579},
 year = {2020}
}


@inproceedings{Ni2018IEDM,
 title = {So{C} logic compatible multi-bit {FeMFET} weight cell for neuromorphic applications},
 author = {K. Ni and others},
 booktitle = {IEEE International Electron Devices Meeting (IEDM’18)},
 venue = {San Francisco, CA},
 month = {Dec.},
 pages = {13.2.1--13.2.4},
 year = {2018}
}

@article{Shasti2021,
 title = {Photonics for artificial intelligence and neuromorphic computing},
 author = {B. J. Shasti and others},
 journal = {Nature Photonics},
 volume = {15},
 number = {2},
 pages = {102--114},
 year = {2021}
}

@article{Rios2019,
 title = {In-memory computing on a photonic platform},
 author = {C. Ríos and others},
 journal = {Science Advances},
 volume = {5},
 number = {2},
 pages = {eaau5759},
 year = {2019}
}

@article{Lin2019Sciece,
 title = {All optical machine learning using diffractive deep learning networks},
 author = {X. Lin and others},
 journal = {Science},
 volume = {361},
 number = { },
 pages = {1004--1008},
 year = {2019}
}

@inproceedings{Hamley2019,
 title = {Towards large-scale photonics neural-network accelerators},
 author = {R. Hamley and others},
 booktitle = {IEEE International Electron Device Meeting (IEDM’19)},
 venue = {San Francisco, CA},
 month = {Dec.},
 pages = {22.8.1--22.8.4},
 year = {2019}
}

@inproceedings{Lee2019NAND,
 title = {High-density and highly-reliable binary neural networks using {NAND} flash memory cells as synaptic devices},
 author = {S.-T. Lee and others},
 booktitle = {IEEE International Electron Devices Meeting (IEDM’19)},
 venue = {San Francisco, CA},
 month = {Dec.},
 pages = {38.4.1--38.4.4},
 year = {2019}
}

@article{Bavandpour2019NAND,
 title = {3{D}-a{C}ortex: {A}n ultra-compact energy-efficient neurocomputing platform based on commercial {3D-NAND} flash memories},
 author = {M. Bavandpour and S. Sahay and M. R. Mahmoodi and D. Strukov},
 journal = {ArXiv Preprint},
 volume = { },
 number = { },
 pages = {arXiv:1908.02472},
 year = {2019}
}

@article{Hamerly2019PhysRevX,
 title = {Large-scale optical neural networks based on photoelectric multiplication},
 author = {R. Hamerly and L. Bernstein and A. Sludds and M. Soljacic and D. Englund},
 journal = {Physical Review X},
 volume = {9},
 number = { },
 pages = {021032},
 year = {2019}
}

@article{Shen2017NatPhot,
 title = {Deep learning with coherent nanophotonic circuits},
 author = {Y. Shen and others},
 journal = {Nature Photonics},
 volume = {11},
 number = { },
 pages = {441--447},
 year = {2017}
}

@article{Tait2016,
 title = {Microring weight banks},
 author = {A. N. Tait and others},
 journal = {IEEE Journal of Selected Topics in Quantum Electronics},
 volume = {22},
 number = { },
 pages = {312--325},
 year = {2016}
}

@article{Karunaratne2020,
 title = {In-memory hyperdimensional computing},
 author = {G. Karunaratne and M.L. Gallo and G. Cherubini and L. Benini and A. Rahimi and A. Sebastian},
 journal = {Nature Electronics},
 volume = {3},
 number = { },
 pages = {327--337},
 year = {2020}
}

@article{Joshi2020,
 title = {Accurate deep neural network inference using computational phase-change memory},
 author = {V. Joshi and M. L. Gallo and S. Haefeli and I. Boybat and S. R. Nandakumar and C. Piveteau and M. Dazzi and B. Rajendran and A. Sebastian and E. Eleftheriou},
 journal = {Nature Communications},
 volume = {11},
 number = { },
 pages = {2473},
 year = {2020}
}

@article{Kanerva2009,
 title = {Hyperdimensional computing: {A}n introduction to computing in distributed representation with high-dimensional random vectors},
 author = {P. Kanerva},
 journal = {Cognitive Computing},
 volume = {1},
 number = { },
 pages = {139--159},
 year = {2009}
}

@inproceedings{Bridle1989,
 title = {Training stochastic model recognition algorithms as networks can lead to maximum mutual information estimation of parameters},
 author = {J. S. Bridle},
 booktitle = {International Conference on Neural Information Processing Systems (NIPS’89)},
 venue = {Denver, CO},
 month = {Jan.},
 pages = {211--217},
 year = {1989}
}

@inproceedings{Li2016IEDM,
 title = {Hyperdimensional computing with {3D VRRAM} in-memory kernels: {D}evice-architecture co-design for energy-efficient, error-resilient language recognition},
 author = {H. Li and others},
 booktitle = {IEEE International Electron Devices Meeting (IEDM’16)},
 venue = {Washington, DC},
 month = {Dec.},
 pages = {16.1.1--16.1.4},
 year = {2016}
}

@article{Lukosevicius2009,
 title = {Reservoir computing approaches to recurrent neural network training},
 author = {M. Lukoševičius and H. Jaeger},
 journal = {Computer Science Review},
 volume = {3},
 number = {3},
 pages = {127--149},
 year = {2009}
}

@article{Maas2004,
 title = {Fading memory and kernel properties of generic cortical microcircuit models},
 author = {W. Maass and T. Natschläger and H. Markram},
 journal = {Journal of Physiology-Paris},
 volume = {98},
 number = {4--6},
 pages = {315--330},
 year = {2004}
}

@article{Tanaka2019,
 title = {Recent advances in physical reservoir computing: {A} review},
 author = {G. Tanaka and others},
 journal = {Neural Networks},
 volume = {115},
 number = { },
 pages = {100--123},
 year = {2019}
}

@book{Jaeger2001,  
    year      = {2001},                                 
    booktitle = {The ``Echo State” Approach to Analysing and Training Recurrent Neural Networks},
    author    = {H. Jaeger},         
    publisher = {German National Research Center for Information Technology, Technical Report},       
    address   = {Bonn, Germany}               
}


@article{Maass2002,
 title = {Real-time computing without stable states: {A} new framework for neural computation based on perturbations},
 author = {W. Maass and T. Natschläger and H. Markram},
 journal = {Neural Computation},
 volume = {14},
 number = { },
 pages = {2531--2560},
 year = {2002}
}

@article{Rowlands2021,
 title = {Reservoir computing with superconducting electronics},
 author = {G. E. Rowlands and M.-H. Nguyen and G. J. Ribeill and A. P. Wagner and L.C.G. Govia and W.A.S. Barbosa and D.J. Gauthier and T.A. Ohki},
 journal = {ArXive Preprint},
 volume = { },
 number = { },
 pages = {arXiv:2103.02522},
 year = {2021}
}

@article{Bruiner2013,
 title = {Parallel photonic information processing at gigabyte per second data rates using transient states},
 author = {D. Bruiner and M. C. Soriano and C. R. Mirasso and I. Fisher},
 journal = {Nature Communications},
 volume = {4},
 number = { },
 pages = {1364},
 year = {2013}
}

@article{Vandoorne2014,
 title = {Experimental demonstration of reservoir computing on a silicon photonics chip},
 author = {K. Vandoorne and others},
 journal = {Nature Communications},
 volume = {5},
 number = { },
 pages = {3541},
 year = {2014}
}

@article{Neftci2019,
 title = {Surrogate gradient learning in spiking neural networks: {B}ringing the power of gradient-based optimization to spiking neural networks},
 author = {E. O. Neftci and H. Mostafa and F. Zenke},
 journal = {IEEE Signal Processing Magazine},
 volume = {36},
 number = {6},
 pages = {51--63},
 year = {2019}
}

@article{Serrano-Gotarredona2013,
 title = {{STDP} and {STDP} variations with memristors for spiking neuromorphic learning systems},
 author = {T. Serrano-Gotarredona and others},
 journal = {Frontiers in Neuroscience},
 volume = {7},
 number = { },
 pages = {2},
 year = {2013}
}

@article{Thakur2018,
 title = {Large-scale neuromorphic spiking array processors: {A} quest to mimic the brain},
 author = {C. S. Thakur and others},
 journal = {Frontiers in Neuroscience},
 volume = {12},
 number = { },
 pages = {891},
 year = {2018}
}

@article{Tavanaei2019,
 title = {Deep learning in spiking neural networks},
 author = {A. Tavanaei and M. Ghodrati and S.R. Kheradpisheh and T. Masquelier and A. Maida},
 journal = {Neural Networks},
 volume = {111},
 number = { },
 pages = {47--63},
 year = {2019}
}

@book{Gerstner2002,  
    year      = {2002},                                 
    booktitle = {Spiking Neural Models},
    author    = {W. Gerstner and W. Kistler},         
    publisher = {Cambridge University Press},       
    address   = {Cambridge, MA}               
}

@article{Likharev1991,
 title = {{RSFQ} logic/memory family: {A} new {J}osephson-junction technology for sub-terahertz-clock-frequency digital systems},
 author = {K. K. Likharev and V. K. Semenov},
 journal = {IEEE Transactions on Applied Superconductivity},
 volume = {1},
 number = { },
 pages = {3--28},
 year = {1991}
}

@article{Segall2017,
 title = {Synchronization dynamics on the picosecond time scale in coupled {J}osephson junction networks},
 author = {K. Segall and M. Legro and S. Kaplan and O. Svitelskiy and S. Khadka and P. Crotty and D. Schult},
 journal = {Physics Review E},
 volume = {95},
 number = { },
 pages = {032220},
 year = {2017}
}

@article{Romera2018,
 title = {Vowel recognition with a four coupled spin-torque nano-oscillators},
 author = {M. Romera and others},
 journal = {Nature},
 volume = {563},
 number = { },
 pages = {230--234},
 year = {2018}
}

@article{Ohno2011,
 title = {Short-term plasticity and long-term potentiation mimicked in single inorganic synapses},
 author = {T. Ohno and T. Hasegawa and T. Tsuruoka and K. Terabe and J. K. Gimzewski and M. Aono},
 journal = {Nature Materials},
 volume = {10},
 number = { },
 pages = {591--595},
 year = {2011}
}

@article{Wang2017NatMat,
 title = {Memristors with diffusive dynamics as synaptic emulators for neuromorphic computing},
 author = {Z. Wang and others},
 journal = {Nature Materials},
 volume = {16},
 number = { },
 pages = {101--108},
 year = {2017}
}

@article{Likharev2012,
 title = {Superconductor digital electronics},
 author = {K.K. Likharev},
 journal = {Physica C: Superconductivity and Its Applications},
 volume = {482},
 number = { },
 pages = {6--18},
 year = {2012}
}

@article{Feldmann2019,
 title = {All-optical spiking neurosynaptic networks with self-learning capabilities},
 author = {J. Feldmann and N. Youngblood and C. D. Wright and H. Bhaskaran and W. H. P. Pernice},
 journal = {Nature},
 volume = {569},
 number = {7755},
 pages = {208--214},
 year = {2019}
}

@article{Buckley2017,
 title = {All-silicon light-emitting diodes waveguide-integrated with superconducting single-photon detectors},
 author = {S. Buckley and J. Chiles and A. N. Mccaughan and G. Moody and K. L. Silverman and M. J. Stevens and R. P. Mirin and S. W. Nam and J. M. Shainline},
 journal = {Applied Physics Letters},
 volume = {111},
 number = { },
 pages = {141101},
 year = {2017}
}

@article{Pickett2013,
 title = {A scalable neuristor built with {M}ott memristors},
 author = {M. D. Pickett and G. Medeiros-Ribeiro and R. S. Williams},
 journal = {Nature Materials},
 volume = {12},
 number = {2},
 pages = {114--117},
 year = {2013}
}

@article{Prezioso2018,
 title = {Spike-timing-dependent plasticity learning of coincidence detection with passively integrated memristive circuits},
 author = {M. Prezioso and M. Mahmoodi and F. Merrikh Bayat and H. Kim and H. Nili and A. Vincent and D. Strukov},
 journal = {Nature Communications},
 volume = {9},
 number = { },
 pages = {5311},
 year = {2018}
}

@article{Kuzum2011,
 title = {Nanoelectronic programmable synapses based on phase change materials for brain-inspired computing},
 author = {D. Kuzum and R. G. Jeyasingh and B. Lee and  H.-S. P. Wong},
 journal = {Nano Letters},
 volume = {12},
 number = { },
 pages = {2179--2186},
 year = {2011}
}

@article{Wang2018NatElec,
 title = {Fully memristive neural networks for pattern classification with unsupervised learning},
 author = {Z. Wang and others},
 journal = {Nature Electronics},
 volume = {1},
 number = { },
 pages = {137--145},
 year = {2018}
}

@article{Pedretti2017,
 title = {Memristive neural network for on-line learning and tracking with brain-inspired spike timing dependent plasticity},
 author = {G. Pedretti and others},
 journal = {Nature Scientific Reports},
 volume = {7},
 number = { },
 pages = {5288},
 year = {2017}
}

@article{Prezioso2016,
 title = {Self-adaptive spike-time-dependent plasticity of metal-oxide memristors},
 author = {M. Prezioso and F. Merrikh Bayat and B. D. Hoskins and K. K. Likharev and D. Strukov},
 journal = {Nature Scientific Reports},
 volume = {6},
 number = { },
 pages = {21331},
 year = {2016}
}

@article{Saighi2015,
 title = {Plasticity in memristive devices for spiking neural networks},
 author = {S. Saighi and others},
 journal = {Frontiers in Neuroscience},
 volume = {9},
 number = { },
 pages = {5},
 year = {2015}
}

@article{Lashkare2018,
 title = {{PCMO RRAM} for integrate-and-fire neuron in spiking neural networks},
 author = {S. Lashkare and S. Chouhan and T. Chavan and A. Bhat and P. Kumbhare and U. Ganguly},
 journal = {IEEE Electron Device Letters},
 volume = {39},
 number = {4},
 pages = {484--487},
 year = {2018}
}

@article{Zhang2018Small,
 title = {Highly compact artificial memristive neuron with low energy consumption},
 author = {Y. Zhang and others},
 journal = {Small},
 volume = {14},
 number = { },
 pages = {1802188},
 year = {2018}
}

@article{Adda2018,
 title = {First demonstration of ``{L}eaky {I}ntegrate and {F}ire" artificial neuron behavior on ({V}$_{0.95}${C}r$_{0.05}$)$_2${O}$_3$ thin film},
 author = {C. Adda and others},
 journal = {MRS Communications},
 volume = {8},
 number = { },
 pages = {835--841},
 year = {2018}
}

@article{Indiveri2011,
 title = {Neuromorphic silicon neuron circuits},
 author = {G. Indiveri and others},
 journal = {Frontiers in Neuroscience},
 volume = {5},
 number = { },
 pages = {73},
 year = {2011}
}

@book{Kesim2019,  
    year      = {2019},                                 
    booktitle = {Coupled Oscillator Networks for Computation in the Beyond-{CMOS} Era},
    author    = {Y. E. Kesim},         
    publisher = {Ph.D. Thesis},       
    address   = {Carnegie Mellon University}               
}

@article{Widrow1962,
 title = {Reliable, trainable networks for computing and control},
 author = {B. Widrow and J. B. Angel},
 journal = {Aerospace Engineering},
 volume = { },
 number = { },
 pages = {78--123},
 year = {1962}
}

@inproceedings{Chawla2004,
 title = {A 531 n{W}/{MH}z, 128$\times$32 current-mode programmable analog vector-matrix multiplier with over two decades of linearity},
 author = {R. Chawla and A. Bandyopadhyay and V. Srinivasan and P. Hasler},
 booktitle = {IEEE Custom Integrated Circuits Conference (CICC'04)},
 venue = {Orlando, FL},
 month = {Oct.},
 pages = {651--654},
 year = {2004}
}




